<collection xmlns="http://www.loc.gov/MARC21/slim">
<record>
  <leader>01994nam0a2200349 i 450 </leader>
  <controlfield tag="001">IT\ICCU\CNCE\016258</controlfield>
  <controlfield tag="005">20080414000000.0</controlfield>
  <datafield tag="012" ind1=" " ind2=" ">
    <subfield code="a">m.i- ueua tois vei. (C) 1524 (R)</subfield>
    <subfield code="2">fei</subfield>
  </datafield>
  <datafield tag="100" ind1=" " ind2=" ">
    <subfield code="a">19970101d1524        0itac0103    ba</subfield>
  </datafield>
  <datafield tag="101" ind1=" " ind2=" ">
    <subfield code="a">LAT</subfield>
  </datafield>
  <datafield tag="102" ind1=" " ind2=" ">
    <subfield code="a">IT</subfield>
  </datafield>
  <datafield tag="200" ind1="1" ind2=" ">
    <subfield code="a">Consilia mag. i.v. doct. preclari aduocati domini Ioannis de Amicis de Venafro ciuis Neapolitani, tam causarum patronis perutilia, quam iudicibus &amp; tribunalia regentibus, cum secundum ea in casibus occurrentibus fuerit recte iudicatum, &amp; in contradictorio iudicio obtentum foeliciter incipiunt. In primo volumine</subfield>
  </datafield>
  <datafield tag="210" ind1=" " ind2=" ">
    <subfield code="e">Impressum Neapoli</subfield>
    <subfield code="g">per Antonium De Frizis Corinalden.</subfield>
    <subfield code="h">1524 die XV Februarii</subfield>
  </datafield>
  <datafield tag="215" ind1=" " ind2=" ">
    <subfield code="a">\334! c.</subfield>
    <subfield code="d">4ʻ</subfield>
  </datafield>
  <datafield tag="300" ind1=" " ind2=" ">
    <subfield code="a">A c. aa1 altro front.: Tabula consiliorum mag. i.v. docto. preclari aduocati domini Ioannis de Amicis de Venafro ...</subfield>
  </datafield>
  <datafield tag="620" ind1=" " ind2=" ">
    <subfield code="a">IT</subfield>
    <subfield code="d">Napoli</subfield>
  </datafield>
  <datafield tag="700" ind1=" " ind2="1">
    <subfield code="a">De_Amicis,</subfield>
    <subfield code="b">Giovanni</subfield>
    <subfield code="3">IT\ICCU\CNCA\004647</subfield>
  </datafield>
  <datafield tag="712" ind1="0" ind2="0">
    <subfield code="a">Frezza, Antonio</subfield>
    <subfield code="3">IT\ICCU\CNCT\000142</subfield>
    <subfield code="4">650</subfield>
  </datafield>
  <datafield tag="790" ind1=" " ind2="1">
    <subfield code="a">Amici,</subfield>
    <subfield code="b">Giovanni : d&apos;</subfield>
    <subfield code="3">IT\ICCU\CNCA\015286</subfield>
    <subfield code="z">De_Amicis, Giovanni</subfield>
  </datafield>
  <datafield tag="790" ind1=" " ind2="1">
    <subfield code="a">D&apos;Amicis,</subfield>
    <subfield code="b">Giovanni</subfield>
    <subfield code="3">IT\ICCU\CNCA\018326</subfield>
    <subfield code="z">De_Amicis, Giovanni</subfield>
  </datafield>
  <datafield tag="790" ind1=" " ind2="1">
    <subfield code="a">D&apos;Amici,</subfield>
    <subfield code="b">Giovanni</subfield>
    <subfield code="3">IT\ICCU\CNCA\018327</subfield>
    <subfield code="z">De_Amicis, Giovanni</subfield>
  </datafield>
  <datafield tag="790" ind1=" " ind2="1">
    <subfield code="a">Amicis,</subfield>
    <subfield code="b">Ioannes : de</subfield>
    <subfield code="3">IT\ICCU\CNCA\018508</subfield>
    <subfield code="z">De_Amicis, Giovanni</subfield>
  </datafield>
  <datafield tag="791" ind1="0" ind2="0">
    <subfield code="a">Frizis, Antonius de</subfield>
    <subfield code="3">IT\ICCU\CNCT\003818</subfield>
    <subfield code="z">Frezza, Antonio</subfield>
  </datafield>
  <datafield tag="791" ind1="0" ind2="0">
    <subfield code="a">Fretia, Antonius</subfield>
    <subfield code="3">IT\ICCU\CNCT\003819</subfield>
    <subfield code="z">Frezza, Antonio</subfield>
  </datafield>
  <datafield tag="791" ind1="0" ind2="0">
    <subfield code="a">Friza, Antonio</subfield>
    <subfield code="3">IT\ICCU\CNCT\003820</subfield>
    <subfield code="z">Frezza, Antonio</subfield>
  </datafield>
  <datafield tag="791" ind1="0" ind2="0">
    <subfield code="a">Friciis, Antonius de</subfield>
    <subfield code="3">IT\ICCU\CNCT\003821</subfield>
    <subfield code="z">Frezza, Antonio</subfield>
  </datafield>
  <datafield tag="791" ind1="0" ind2="0">
    <subfield code="a">Fritiis, Antonius de</subfield>
    <subfield code="3">IT\ICCU\CNCT\003822</subfield>
    <subfield code="z">Frezza, Antonio</subfield>
  </datafield>
  <datafield tag="791" ind1="0" ind2="0">
    <subfield code="a">Frixis, Antonius de</subfield>
    <subfield code="3">IT\ICCU\CNCT\003823</subfield>
    <subfield code="z">Frezza, Antonio</subfield>
  </datafield>
  <datafield tag="791" ind1="0" ind2="0">
    <subfield code="a">Freza, Antonio</subfield>
    <subfield code="3">IT\ICCU\CNCT\005718</subfield>
    <subfield code="z">Frezza, Antonio</subfield>
  </datafield>
  <datafield tag="801" ind1=" " ind2="3">
    <subfield code="a">IT</subfield>
    <subfield code="b">ICCU</subfield>
    <subfield code="c">20201114</subfield>
  </datafield>
  <datafield tag="899" ind1=" " ind2=" ">
    <subfield code="a">Biblioteca nazionale Sagarriga Visconti-Volpi. Bari</subfield>
    <subfield code="1">BA0018</subfield>
    <subfield code="2">BA1 BA</subfield>
  </datafield>
  <datafield tag="899" ind1=" " ind2=" ">
    <subfield code="a">Biblioteca pubblica arcivescovile Francesco Pacca. Benevento</subfield>
    <subfield code="1">BN0008</subfield>
    <subfield code="2">PBE 84</subfield>
  </datafield>
</record>
</collection>
